@book{faust2007robotics,
  title={Robotics in Surgery: History, Current and Future Applications},
  author={Faust, R.A.},
  isbn={9781600213861},
  lccn={2006024152},
  year={2007},
  publisher={Nova Science Publishers}
}

@misc{jensen1998remote,
  title={Remote center positioning device with flexible drive},
  author={Jensen, Joel F.},
  year={1998},
  month=oct # "~6",
  note={{US Patent} 5,817,084}
}

@INPROCEEDINGS{blackFalcon,
author={Madhani, Akhil Jiten and Niemeyer, G. and Salisbury, J. K.},
booktitle={Proceedings of the IEEE/RSJ International Conference on Intelligent Robots and Systems},
title={The Black Falcon: A teleoperated surgical instrument for minimally invasive surgery},
year={1998},
month={Oct},
volume={2},
pages={936-944 vol.2},
doi={10.1109/IROS.1998.727320},}

@phdthesis{madhani1997design,
  title={Design of teleoperated surgical instruments for minimally invasive surgery},
  author={Madhani, Akhil Jiten},
  year={1997},
  school={Massachusetts Institute of Technology}
}

@misc{madhani1998articulated,
  title={Articulated surgical instrument for performing minimally invasive surgery with enhanced dexterity and sensitivity},
  author={Madhani, Akhil Jiten and Salisbury, J.K.},
  year={1998},
  month=aug # "~11",
  note={{US Patent} 5,792,135}
}

@misc{salisbury2004master,
  title={Master having redundant degrees of freedom},
  author={Salisbury, Kenneth J. and Madhani, Akhil Jiten and Guthart, G. S. and Niemeyer, G. D. and Duval, E. F.},
  year={2004},
  month=jan # "~27",
  note={{US Patent} 6,684,129}
}

@misc{moll2011cooperative,
  title={Cooperative minimally invasive telesurgical system},
  author={Moll, F. H. and Rosa, D. J. and Ramans, A. D. and Blumenkranz, S. J. and Guthart, G. S. and Niemeyer, G. D. and Nowlin, W. C. and Salisbury, J. Kenneth and Tierney, M. J.},
  year={2011},
  month=jan # "~4",
  note={{US Patent} 7,865,266}
}

@TECHREPORT{intuitivePatents,
  author =       {Alan N. Hoffman},
  title =        {Intuitive Surgical, Inc.: How Long Can Their Monopoly Last?},
  institution =  {Rotterdam School of Management, Erasmus University and Bentley University},
  year =         {2010},
  number =       {310-106-1}
}

@ARTICLE{ravenDesc,
  author =       {Blake Hannaford and Jacob Rosen and Diana W. Friedman and Hawkeye King and Phillip Roan and Lei Cheng and Daniel Glozman and Ji Ma and Sina Nia Kosari and  Lee White},
  title =        {Raven-{II}: An Open Platform for Surgical Robotics Research},
  journal =      {IEEE Trans. Biomed. Eng.},
  year =         {2013},
  volume =       {60},
  number =       {4},
  pages =        {954--959},
  month =        {April},
  doi =          {10.1109/TBME.2012.2228858},
}
